<?xml version="1.0" encoding="UTF-8"?><record xmlns="http://www.loc.gov/MARC21/slim" xmlns:cinclude="http://apache.org/cocoon/include/1.0" xmlns:zs="http://www.loc.gov/zing/srw/">
  <leader>00549cz  a2200169n  4500</leader>
  <controlfield tag="001">n 2011206361</controlfield>
  <controlfield tag="003">DLC</controlfield>
  <controlfield tag="005">20110125074934.0</controlfield>
  <controlfield tag="008">110124n| acannaabn          |a aaa      </controlfield>
  <datafield tag="010" ind1=" " ind2=" ">
    <subfield code="a">n 2011206361</subfield>
  </datafield>
  <datafield tag="040" ind1=" " ind2=" ">
    <subfield code="a">DLC</subfield>
    <subfield code="b">eng</subfield>
    <subfield code="c">DLC</subfield>
  </datafield>
  <datafield tag="100" ind1="1" ind2=" ">
    <subfield code="a">Sarvar, Sayyid Nadīm Raz̤ā</subfield>
  </datafield>
  <datafield tag="400" ind1="0" ind2=" ">
    <subfield code="a">Sayyid Nadīm Raz̤ā Sarvar</subfield>
  </datafield>
  <datafield tag="400" ind1="0" ind2=" ">
    <subfield code="a">Nadīm Raz̤ā</subfield>
  </datafield>
  <datafield tag="400" ind1="1" ind2=" ">
    <subfield code="a">Raz̤ā, Nadīm</subfield>
  </datafield>
  <datafield tag="400" ind1="1" ind2=" ">
    <subfield code="a">Sarwar, Nadeem</subfield>
  </datafield>
  <datafield tag="670" ind1=" " ind2=" ">
    <subfield code="a">Salām-i yā Ḥussain bar zuban o dilam salām-i yā Ḥussain, 2010:</subfield>
    <subfield code="b">insert (Sayyid Nadīm Raz̤ā Sarvar ; Nadeem Sarwar)</subfield>
  </datafield>
</record>